@STRING{ACL					  = "Proc. Annual Meeting of the Association for Computational Linguistics (ACL)"}
@STRING{CICLing					  = "Proc. Int. Conf. on Intelligent Text Processing and Computational Linguistics (CICLing)"}
@STRING{COLING					  = "Proc. Int. Conf. on Computational Linguistics (COLING)"}
@STRING{ACM_TODS	        = "ACM Trans. Database Systems"}
@STRING{ACM_TOIS	        = "ACM Trans. Information Systems"}
@STRING{TWEB	        = "ACM Trans. on the Web"}
@STRING{ACM_SIGMOD		    = "Proc. ACM SIGMOD Int. Conf. on Management of Data (SIGMOD)"} 
@STRING{CIKM		    = "Proc. ACM Conf. on Information and Knowledge Management (CIKM)"} 
@STRING{IEEE_J_KDE        = "{IEEE} Trans. Knowl. Data Eng."}
@STRING{WEBDB			        = "Proc. ACM SIGMOD Int. Workshop on the Web and Databases (WebDB)"}
@STRING{SDM			 		      = "Proc. SIAM Int. Conf. on Data Mining (SDM)"}
@STRING{KDD				        = "Proc. ACM SIGKDD Int. Conf. on Knowledge Discovery and Data Mining (KDD)"}
@STRING{IJCAI			        = "Proc. Int. Joint Conf. on Artificial Intelligence (IJCAI)"}
@STRING{JCDL			        = "Proc. Int. Joint Conf. on Digital Libraries (JCDL)"}
@STRING{ICDE							= "Proc. Int. Conf. on Data Engineering (ICDE)"}
@STRING{ICDM							= "Proc. IEEE Int. Conf. on Data Mining (ICDM)"}
@STRING{PKDD							= "Proc. European Conf. on Principles and Practice of Knowledge Discovery in Databases (PKDD)"}
@STRING{CACM			        = "Communications of the ACM"}
@STRING{IPM			        = "Information Processing and Management"}
@STRING{JAIR			        = "Journal of Artificial Intelligence Research"}
@STRING{JASIST			        = "Journal of the American Society for Information Science and Technology"}
@STRING{VLDB					    = "Proc. Int. Conf. on Very Large Data Bases (VLDB)"}
@STRING{VLDBJ					    = "The VLDB Journal"}
@STRING{SIGMOD_Record	    = "ACM SIGMOD Record"}
@STRING{SIGIR					    = "Proc. ACM SIGIR Conf. on Research and Development in Information Retrieval (SIGIR)"}
@STRING{WSDM					    = "Proc. ACM Conf. on Web Search and Web Data Mining (WSDM)"}
@STRING{WWW					    = "Proc. ACM Conf. on World Wide Web (WWW)"}
@STRING{EDBT 					= "Proc. Int. Conf. on Extending Database Technology (EDBT)"}
@STRING{EMNLP				 	= "Proc. Conf. on Empirical Methods in Natural Language Processing (EMNLP)"}
@STRING{ICML							= "Proc. Int. Conf. on Machine Learning (ICML)"}



@article{ChamroukhiMTOA13,
  author    = {F. Chamroukhi and
               S. Mohammed and
               D. Trabelsi and
               L. Oukhellou and
               Y. Amirat},
  title     = {Joint segmentation of multivariate time series with hidden
               process regression for human activity recognition},
  journal   = {Neurocomputing},
  volume    = {120},
  year      = {2013},
  pages     = {633--644} 
}

@article{OmranianKMN13,
  author    = {N. Omranian and S. Klie and B. Mueller-Roeber and Z. Nikoloski},
  title     = {Network-Based Segmentation of Biological Multivariate Time Series},
  journal   = {PLoS ONE},
  volume    = {8},
  number    = {5},
  year      = {2013},
  pages     = {e62974} 
}

@article{WangLY12,
  author    = {N. Wang and X. Liu and J. Yin},
  title     = {Improved Gath-Geva clustering for fuzzy segmentation of hydrometeorological time series},
  journal   = {Stochastic Environmental Research and Risk Assessment},
  volume    = {26},
  number    = {},
  year      = {2012},
  pages     = {139--155} 
}
 
 @inproceedings{Trabelsi11,
  author    = {D. Trabelsi and S. Mohammed and F. Chamrouki and L. Oukhellou and Y. Amirat},
  title     = {{Activity recognition using Hidden Markov Models}},
  booktitle = {Proc. Workshop on New and Emerging Technologies in Assistive Robotics, in conj. with IEEE/RSJ Int. Conf. on Intelligent Robots and Systems},
  year      = {2011},
  pages     = {} 
}

@inproceedings{KulicN08,
  author    = {D. Kulic and
               Y. Nakamura},
  title     = {Scaffolding on-line segmentation of full body human motion
               patterns},
  booktitle = {IEEE/RSJ Int. Conf. on Intelligent Robots
               and Systems (IROS)},
  year      = {2008},
  pages     = {2860--2866} 
}

@article{DucheneGR07,
author = {F. Duchene and C. Garbay and V. Rialle},
title = {{Learning recurrent behaviors from heterogeneous
multivariate time-series}},
journal = {Artificial Intelligence in Medicine},
year = {2007},
volume = {39},
number = {},
pages = {25--47} 
}


@article{DobigeonTS07,
author = {N. Dobigeon and J.-Y. Tourneret and J. D. Scargle},
title = {{Joint Segmentation of Multivariate Astronomical
Time Series: Bayesian Sampling With a
Hierarchical Model}},
journal = {IEEE Trans. on Signal Processing},
year = {2007},
volume = {55},
number = {2},
pages = {414--423} 
}

@article{YangS07,
author = {K. Yang and C. Shahabi},
title = {{An efficient k-nearest-neighbor search for multivariate time series}},
journal = {Information and Computation},
year = {2007},
volume = {205},
pages = {65--98} 
}

@inproceedings{TerziT06,
  author    = {E. Terzi and P. Tsaparas},
  title     = {{Efficient algorithms for sequence segmentation}},
  booktitle = SDM,
  year      = {2006},
  pages     = {314--325} 
}

@article{Lebarbier05,
	author = {E. Lebarbier},
	title = {{Detecting multiple change-points in the mean of Gaussian process by model selection}},
	journal = {Signal Processing},
	year = {2005},
	volume = {85},
	number = {4},
	pages = {717--736} 
}



@article{Jackson05,
	author = {B. Jackson and J. D. Scargle and D. Barnes and S. Arabhi and A. Alt and  P. Gioumousis and E. Gwin and 
	P. Sangtrakulcharoen and L. Tan and T. T. Tsai},
	title = {{An algorithm for optimal partitioning of data on an interval}},
	journal = {IEEE Signal Processing Letters},
	year = {2005},
	volume = {12},
	number = {},
	pages = {105--108} 
}

@article{RamoniSC02,
	author = {M. Ramoni and F. Sebastiani and P. Cohen},
	title = {{Bayesian clustering by dynamics}},
	journal = {Machine Learning},
	year = {2002},
	volume = {47},
	pages = {91--121} 
}

@inproceedings{HimbergKMTT01,
  author    = {J. Himberg and
               K. Korpiaho and
               H. Mannila and
               J. Tikanm{\"a}ki and
               H. Toivonen},
  title     = {{Time Series Segmentation for Context Recognition in Mobile
               Devices}},
  booktitle = ICDM,
  year      = {2001},
  pages     = {203--210} 
}

@article{AugerL89,
	author = {I. Auger and C. Lawrence},
	title = {{Algorithms for the optimal identification of
	segment neighborhoods}},
	journal = {Bull. of Math. Biology},
	year = {1989},
	volume = {51},
	number = {},
	pages = {39--54} 
}

@article{BellmanR69,
	author = {R. Bellman and R. Roth},
	title = {{Curve fitting by segmented straight lines}},
	journal = {Journal of the American Statistical Society},
	year = {1969},
	volume = {64},
	number = {},
	pages = {1079--1084} 
}




%%%%%%%%%%%%%%%%%%%%%%%%
%%%  search behavior, behavioral targeting %%%%%%
%%%%%%%%%%%%%%%%%%%%%%%%


@inproceedings{AlyPJP13,
  author    = {M. Aly and S. Pandey and V. Josifovski and K. Punera},
  title     = {{Towards a Robust Modeling of Temporal Interest Change Patterns for Behavioral Targeting}},
  booktitle = WWW,
  year      = {2013},
  pages     = {71--81} 
}

@inproceedings{AlyHJN12,
  author    = {M. Aly and
               A. O. Hatch and
               V. Josifovski and
               V. K. Narayanan},
  title     = {Web-scale user modeling for targeting},
  booktitle = WWW,
  year      = {2012},
  pages     = {3--12}
}

@inproceedings{TylerPGJ11,
  author    = {S. K. Tyler and
               S. Pandey and
               E. Gabrilovich and
               V. Josifovski},
  title     = {Retrieval models for audience selection in display advertising},
  booktitle = CIKM,
  year      = {2011},
  pages     = {593--598}
}

@inproceedings{KumarT10,
  author    = {R. Kumar and A. Tomkins},
  title     = {{A characterization of online search behavior}},
  booktitle = WWW,
  year      = {2010},
  pages     = {561--570} 
}

@inproceedings{HassanJK10,
  author    = {A. H. Awadallah and
               R. Jones and
               K. L. Klinkner},
  title     = {{Beyond DCG: user behavior as a predictor of a successful
               search}},
  booktitle = WSDM,
  year      = {2010},
  pages     = {221--230} 
}


%%%%%%%%%%%%%%%%%%%%%%%%
%%%  Text/Topic Segmentation papers %%%%%
%%%%%%%%%%%%%%%%%%%%%%%%

@article{ChienC12,
	author = {J.-T. Chien and C.-H. Chueh},
	title = {{Topic-Based Hierarchical Segmentation}},
	journal = {IEEE Trans. on Audio, Speech, and Language Processing},
	year = {2012},
	volume = {20},
	number = {1},
	pages = {55--66} 
}


@inproceedings{MisraYJC09,
  author    = {H. Misra and  F. Yvon and J. M. Jose and O. Capp{\'e}},
  title     = {Text segmentation via topic modeling: an analytical study},
  booktitle = CIKM,
  year      = {2009},
  pages     = {1553--1556} 
}

@inproceedings{BleiM01,
  author    = {D. M. Blei and P. J. Moreno},
  title     = {{Topic Segmentation with an Aspect Hidden Markov Model}},
  booktitle = SIGIR,
  year      = {2001},
  pages     = {343--348} 
}

@inproceedings{UtiyamaI01,
  author    = {M. Utiyama and
               H. Isahara},
  title     = {{A Statistical Model for Domain-Independent Text Segmentation}},
  booktitle = ACL,
  year      = {2001},
  pages     = {491--498} 
}

%%%%%%%%%%%%%%%%%
%%% Segmentation
%%%%%%%%%%%%%%%%%


@article{AbonyiFNA05,
	author = {Abonyi, Janos and Feil, Balazs and Nemeth, Sandor and Arva, Peter},
	title = {Modified Gath--Geva Clustering for Fuzzy Segmentation of Multivariate Time-series},
	journal = {Fuzzy Sets Syst.},
	issue_date = {January, 2005},
	volume = {149},
	number = {1},
	month = jan,
	year = {2005},
	pages = {39--56},
	numpages = {18},
	publisher = {Elsevier North-Holland, Inc.},
	address = {Amsterdam, The Netherlands, The Netherlands},
} 

@incollection{AbonyiFNA03,
	author={Abonyi, Janos and Feil, Balazs and Nemeth, Sandor and Arva, Peter},
	title={Fuzzy Clustering Based Segmentation of Time-Series},
	year={2003},
	booktitle={Advances in Intelligent Data Analysis V},
	volume={2810},
	series={Lecture Notes in Computer Science},
	editor={R. Berthold, Michael and Lenz, Hans-Joachim and Bradley, Elizabeth and Kruse, Rudolf and Borgelt, Christian},
	publisher={Springer Berlin Heidelberg},
	pages={275-285},
	language={English}
}

@article{ HubertP00,
	title={The segmentation procedure as a tool for discrete modeling of hydrometeorological regimes},
	journal={Stochastic Environmental Research and Risk Assessment},
	year={2000},
	volume={14},
	number={4-5},
	publisher={Springer-Verlag},
	author={Hubert, P.},
	pages={297-304},
}

@article{ KehagiasNP06,
	author={Kehagias, Ath. and Nidelkou, Ev. and Petridis, V.},
	title={A dynamic programming segmentation procedure for hydrological and environmental time series},
	journal={Stochastic Environmental Research and Risk Assessment},
	year={2006},
	volume={20},
	number={1-2},
	publisher={Springer-Verlag},
	pages={77-94},
}

@article{ GuoLS14,
	author={Guo, Hongyue and Liu, Xiaodong and Song, Lixin},
	title={Dynamic programming approach for segmentation of multivariate time series},
	journal={Stochastic Environmental Research and Risk Assessment},
	year={2014},
	publisher={Springer Berlin Heidelberg},
	pages={1-9},
}

@techreport{ AnastasiuRTK14,
	author = "David C. Anastasiu and Al M. Rashid and Andrea Tagarelli and George Karypis",
	institution = "University of Minnesota, Twin Cities - Department of Computer Science and Engineering",
	title = "Understanding Computer Usage Evolution",
	number = "TR 14-027",
	month = "Oct",
	year = "2014"
}

@inproceedings{AnastasiuRTK15,
	author = {David C. Anastasiu and Al M. Rashid and Andrea Tagarelli and George Karypis},
	title = {Understanding Computer Usage Evolution},
	booktitle = {31st IEEE International Conference on Data Engineering},
	series = {ICDE '15},
	year = {2015},
	location = {Coex, Seoul, Korea},
	numpages = {12},
}

@inproceedings{AnastasiuK14,
	author = {Anastasiu, David C. and Karypis, George},
	title = {L2AP: Fast Cosine Similarity Search With Prefix L-2 Norm Bounds},
	booktitle = {30th IEEE International Conference on Data Engineering},
	series = {ICDE '14},
	year = {2014},
	location = {Chicago, IL, USA},
	numpages = {12},
}

@article {Dumais04,
	author = {Dumais, Susan T.},
	title = {Latent semantic analysis},
	journal = {Annual Review of Information Science and Technology},
	volume = {38},
	number = {1},
	publisher = {Wiley Subscription Services, Inc., A Wiley Company},
	pages = {188--230},
	year = {2004},
}

@article{BeefermanBL99,
	author = {Beeferman, Doug and Berger, Adam and Lafferty, John},
	title = {Statistical Models for Text Segmentation},
	journal = {Mach. Learn.},
	volume = {34},
	number = {1-3},
	year = {1999},
	pages = {177--210},
	publisher = {Kluwer Academic Publishers},
	address = {Hingham, MA, USA},
} 


%%%%%%%%%%%%%%%%%
%%% Non-negative matrix factorization
%%%%%%%%%%%%%%%%%

@article { PaateroT94,
	author = {Paatero, Pentti and Tapper, Unto},
	title = {Positive matrix factorization: A non-negative factor model with optimal utilization of error estimates of data values},
	journal = {Environmetrics},
	volume = {5},
	number = {2},
	publisher = {John Wiley & Sons, Ltd.},
	pages = {111--126},
	year = {1994},
}

@article{ LeeS99,
	author = {Lee, Daniel D. and Seung, H. Sebastian},
	journal = {Nature},
	pages = {788--791},
	title = {Learning the parts of objects by nonnegative matrix factorization},
	volume = 401,
	year = 1999
}

@inproceedings{ Hoyer02,
	author = {Hoyer, P.O.}, 
	booktitle = {Neural Networks for Signal Processing, 2002. Proceedings of the 2002 12th IEEE Workshop on}, 
	title = {Non-negative sparse coding}, 
	year = {2002}, 
	pages = {557-565}, 
}

@article{ Hoyer04,
	author = {Hoyer, Patrik O.},
	title = {Non-negative Matrix Factorization with Sparseness Constraints},
	journal = {J. Mach. Learn. Res.},
	issue_date = {12/1/2004},
	volume = {5},
	month = dec,
	year = {2004},
	issn = {1532-4435},
	pages = {1457--1469},
	numpages = {13},
	publisher = {JMLR.org},
} 

@inproceedings{ EggertK04,
	author = {Eggert, J. and Korner, E.}, 
	booktitle = {Neural Networks, 2004. Proceedings. 2004 IEEE International Joint Conference on}, 
	title = {Sparse coding and NMF}, 
	year = {2004}, 
	month = {July}, 
	volume = {4}, 
	pages = {2529-2533 vol.4}, 
}


@article{ KimP08,
	author = {Kim, Hyunsoo and Park, Haesun},
	title = {Nonnegative Matrix Factorization Based on Alternating Nonnegativity Constrained Least Squares and Active Set Method},
	journal = {SIAM J. Matrix Anal. Appl.},
	issue_date = {May 2008},
	volume = {30},
	number = {2},
	month = jul,
	year = {2008},
	pages = {713--730},
	numpages = {18},
	publisher = {Society for Industrial and Applied Mathematics},
	address = {Philadelphia, PA, USA},
} 

@article{ PeharzP12,
	author = {Peharz, Robert and Pernkopf, Franz},
	title = {Sparse Nonnegative Matrix Factorization with L0-constraints},
	journal = {Neurocomput.},
	issue_date = {March, 2012},
	volume = {80},
	month = mar,
	year = {2012},
	issn = {0925-2312},
	pages = {38--46},
	numpages = {9},
	publisher = {Elsevier Science Publishers B. V.},
	address = {Amsterdam, The Netherlands, The Netherlands},
} 

@book{ LawsonH95,
	author = {Lawson, Charles L. and Hanson, Richard J.},
	title = {Solving least squares problems},
	publisher = {Society for Industrial and Applied Mathematics (SIAM)},
	series = {Classics in Applied Mathematics},
	address = {Philadelphia, PA},
	pages = {xii+337},
	volume = 15,
	year = 1995
}
